@inproceedings{Uesaka,
author = {Uesaka, Hiroki and Imagawa, Takashi and Tsutsui, Hiroshi and Miyanaga, Yoshikazu},
year = {2016},
booktitle={In Proc. of International Workshop on Smart Info-Media Systems in Asia (SISA)},
title = {An Accuracy Evaluation of Motion-Compensated Frame Interpolation Using High-Resolution Video and High-Frame-Rate Video},
}

@mastersthesis{
Ukihashi,
author = {Keita Ukihashi},
title = {2種類の解像度のフレームを混在させた動画像の特徴点補間と深層学習による復元},
school={Ritsumeikan},
year = {2020}
}

@article{6353522,
author={A. {Mittal} and R. {Soundararajan} and A. C. {Bovik}}, 
journal={IEEE Signal Processing Letters},  
title={Making a “Completely Blind” Image Quality Analyzer},  
year={2013}, 
volume={20}, 
number={3},  
pages={209-212}, 
doi={10.1109/LSP.2012.2227726}
}